@article{ali2022financial,
  title={Financial fraud detection based on machine learning: a systematic literature review},
  author={Ali, Abdulalem and Abd Razak, Shukor and Othman, Siti Hajar and Eisa, Taiseer Abdalla Elfadil and Al-Dhaqm, Arafat and Nasser, Maged and Elhassan, Tusneem and Elshafie, Hashim and Saif, Abdu},
  journal={Applied Sciences},
  volume={12},
  number={19},
  pages={9637},
  year={2022},
  publisher={MDPI}
}

@article{alghofaili2020financial,
  title={A financial fraud detection model based on LSTM deep learning technique},
  author={Alghofaili, Yara and Albattah, Albatul and Rassam, Murad A},
  journal={Journal of Applied Security Research},
  volume={15},
  number={4},
  pages={498--516},
  year={2020},
  publisher={Taylor \& Francis}
}

@inproceedings{wang2023financial,
  title={Financial Fraud Detection Based on Deep Learning: Towards Large-Scale Pre-training Transformer Models},
  author={Wang, Haitao and Zheng, Jiale and Carvajal-Roca, Ivan E and Chen, Linghui and Bai, Mengqiu},
  booktitle={China Conference on Knowledge Graph and Semantic Computing},
  pages={163--177},
  year={2023},
  organization={Springer}
}

@inproceedings{NIPS2017_3f5ee243,
 author = {Vaswani, Ashish and Shazeer, Noam and Parmar, Niki and Uszkoreit, Jakob and Jones, Llion and Gomez, Aidan N and Kaiser, \L ukasz and Polosukhin, Illia},
 booktitle = {Advances in Neural Information Processing Systems},
 editor = {I. Guyon and U. Von Luxburg and S. Bengio and H. Wallach and R. Fergus and S. Vishwanathan and R. Garnett},
 pages = {},
 publisher = {Curran Associates, Inc.},
 title = {Attention is All you Need},
 url = {https://proceedings.neurips.cc/paper_files/paper/2017/file/3f5ee243547dee91fbd053c1c4a845aa-Paper.pdf},
 volume = {30},
 year = {2017}
}

@article{chawla2002smote,
  title={SMOTE: synthetic minority over-sampling technique},
  author={Chawla, Nitesh V and Bowyer, Kevin W and Hall, Lawrence O and Kegelmeyer, W Philip},
  journal={Journal of artificial intelligence research},
  volume={16},
  pages={321--357},
  year={2002}
}

@article{lin2017focal,
  title={Focal Loss for Dense Object Detection},
  author={Lin, T},
  journal={arXiv preprint arXiv:1708.02002},
  year={2017}
}

@article{vaswani2017attention,
  title={Attention is all you need},
  author={Vaswani, A},
  journal={Advances in Neural Information Processing Systems},
  year={2017}
}

@misc{kagglecreditcardfraud,
  title = {Credit Card Fraud Detection},
  howpublished = {\url{https://www.kaggle.com/datasets/mlg-ulb/creditcardfraud}},
  author = "Worldline and Machine Learning Group of ULB",
  note = {Accessed: Nov 2024}
}