@article{ali2022financial,
  title={Financial fraud detection based on machine learning: a systematic literature review},
  author={Ali, Abdulalem and Abd Razak, Shukor and Othman, Siti Hajar and Eisa, Taiseer Abdalla Elfadil and Al-Dhaqm, Arafat and Nasser, Maged and Elhassan, Tusneem and Elshafie, Hashim and Saif, Abdu},
  journal={Applied Sciences},
  volume={12},
  number={19},
  pages={9637},
  year={2022},
  publisher={MDPI}
}

@article{alghofaili2020financial,
  title={A financial fraud detection model based on LSTM deep learning technique},
  author={Alghofaili, Yara and Albattah, Albatul and Rassam, Murad A},
  journal={Journal of Applied Security Research},
  volume={15},
  number={4},
  pages={498--516},
  year={2020},
  publisher={Taylor \& Francis}
}

@inproceedings{wang2023financial,
  title={Financial Fraud Detection Based on Deep Learning: Towards Large-Scale Pre-training Transformer Models},
  author={Wang, Haitao and Zheng, Jiale and Carvajal-Roca, Ivan E and Chen, Linghui and Bai, Mengqiu},
  booktitle={China Conference on Knowledge Graph and Semantic Computing},
  pages={163--177},
  year={2023},
  organization={Springer}
}

@inproceedings{NIPS2017_3f5ee243,
 author = {Vaswani, Ashish and Shazeer, Noam and Parmar, Niki and Uszkoreit, Jakob and Jones, Llion and Gomez, Aidan N and Kaiser, \L ukasz and Polosukhin, Illia},
 booktitle = {Advances in Neural Information Processing Systems},
 editor = {I. Guyon and U. Von Luxburg and S. Bengio and H. Wallach and R. Fergus and S. Vishwanathan and R. Garnett},
 pages = {},
 publisher = {Curran Associates, Inc.},
 title = {Attention is All you Need},
 url = {https://proceedings.neurips.cc/paper_files/paper/2017/file/3f5ee243547dee91fbd053c1c4a845aa-Paper.pdf},
 volume = {30},
 year = {2017}
}